<?xml version="1.0" encoding="UTF-8"?><collection xmlns="http://www.loc.gov/MARC21/slim"><record><leader>00543nam--2200181-i-4500</leader><controlfield tag="001">000042599</controlfield><controlfield tag="002">20161230</controlfield><controlfield tag="005">20161230201043</controlfield><controlfield tag="008">060222s1000------------r-----000-0-eng-d</controlfield><datafield ind1=" " ind2=" " tag="040"><subfield code="a">IFIN-HH</subfield></datafield><datafield ind1=" " ind2=" " tag="080"><subfield code="a">530.1:517</subfield></datafield><datafield ind1="1" ind2=" " tag="100"><subfield code="a">Stakgold,Ivar</subfield></datafield><datafield ind1="1" ind2="0" tag="245"><subfield code="a">Boundary value problems of mathematical physics. vol. ii</subfield><subfield code="c">Ivar stakgold</subfield></datafield><datafield ind1=" " ind2=" " tag="260"><subfield code="a">New York</subfield><subfield code="b">The Macmillan Co</subfield><subfield code="c">1967</subfield></datafield><datafield ind1=" " ind2=" " tag="300"><subfield code="a">VIII + 340 P</subfield></datafield><datafield ind1=" " ind2=" " tag="490"><subfield code="a">Macmillan Series In Advances Mathematics And Theoretical Physics</subfield></datafield><datafield ind1=" " ind2=" " tag="852"><subfield code="a">27019</subfield><subfield code="c">53.02</subfield></datafield><datafield ind1=" " ind2=" " tag="CAT"><subfield code="a">Sys</subfield><subfield code="c">20151020</subfield><subfield code="h">125806</subfield></datafield></record></collection>